<record><leader>00000cas a22000007a 4500</leader><controlfield tag="001">29335913</controlfield><controlfield tag="008">931116d18441844pauwr ne      0    0eng d</controlfield><datafield ind1=" " ind2=" " tag="010"><subfield code="a">sn 91061025 </subfield></datafield><datafield ind1=" " ind2=" " tag="040"><subfield code="a">MQN</subfield><subfield code="b">eng</subfield><subfield code="c">MQN</subfield><subfield code="d">OCL</subfield><subfield code="d">OCLCO</subfield><subfield code="d">OCLCF</subfield></datafield><datafield ind1="1" ind2=" " tag="029"><subfield code="a">AU@</subfield><subfield code="b">000020124606</subfield></datafield><datafield ind1=" " ind2=" " tag="042"><subfield code="a">msc</subfield></datafield><datafield ind1="0" ind2=" " tag="130"><subfield code="a">That same old coon (Washington, Pa.)</subfield></datafield><datafield ind1="0" ind2="0" tag="245"><subfield code="a">That same old coon.</subfield></datafield><datafield ind1=" " ind2=" " tag="260"><subfield code="a">Washington, Pa. :</subfield><subfield code="b">[J. Bausman],</subfield></datafield><datafield ind1=" " ind2=" " tag="300"><subfield code="a">v.</subfield></datafield><datafield ind1=" " ind2=" " tag="310"><subfield code="a">Weekly</subfield></datafield><datafield ind1="0" ind2=" " tag="362"><subfield code="a">No. 1 (May 7, 1844)-</subfield></datafield><datafield ind1="1" ind2=" " tag="362"><subfield code="a">Ceased in 1844?</subfield></datafield><datafield ind1=" " ind2=" " tag="500"><subfield code="a">Campaign paper.</subfield></datafield><datafield ind1=" " ind2="0" tag="651"><subfield code="a">Washington (Washington County, Pa.)</subfield><subfield code="v">Newspapers.</subfield></datafield><datafield ind1=" " ind2="7" tag="655"><subfield code="a">Newspapers.</subfield><subfield code="2">fast</subfield><subfield code="0">(OCoLC)fst01423814</subfield></datafield><datafield ind1=" " ind2="7" tag="651"><subfield code="a">Pennsylvania</subfield><subfield code="z">Washington (Washington County)</subfield><subfield code="2">fast</subfield><subfield code="0">(OCoLC)fst01799454</subfield></datafield><datafield ind1=" " ind2=" " tag="752"><subfield code="a">United States</subfield><subfield code="b">Pennsylvania</subfield><subfield code="c">Washington</subfield><subfield code="d">Washington.</subfield></datafield><datafield ind1="0" ind2="0" tag="785"><subfield code="t">Champion of Whig principles</subfield><subfield code="w">(DLC)sn 91061026</subfield></datafield><datafield ind1="0" ind2="0" tag="785"><subfield code="t">Old warrior and "that same old coon"</subfield><subfield code="w">(DLC)sn 84035956</subfield></datafield></record>